@inproceedings{billings,
  title={Using probabilistic knowledge and simulation to play poker},
  author={Billings, Darse and Castillo, Lourdes Pena and Schaeffer, Jonathan and Szafron, Duane},
  booktitle={AAAI/IAAI},
  pages={697--703},
  year={1999}
}

@inproceedings{milch,
  title={Probabilistic models for agents' beliefs and decisions},
  author={Milch, Brian and Koller, Daphne},
  booktitle={Proceedings of the Sixteenth conference on Uncertainty in artificial intelligence},
  pages={389--396},
  year={2000},
  organization={Morgan Kaufmann Publishers Inc.}
}

@inproceedings{koller,
  title={Generating and solving imperfect information games},
  author={Koller, Daphne and Pfeffer, Avi},
  booktitle={IJCAI},
  pages={1185--1193},
  year={1995}
}

@article{slantchev,
  title={Game Theory: Elements of Basic Models.},
  author={Slantchev, Branislav L},
  journal={UC San Diego website},
  year={2009}
}

@article{van,
  title={Monte Carlo Tree Search and Opponent Modeling through Player Clustering in no-limit Texas Holdâ€™em Poker},
  author={Van der Kleij, AAJ},
  journal={University of Groningen, The Netherlands},
  year={2010}
}